@book{DiophantineQueffelec,
  title = {Diophantine Approximation and Dirichlet Series},
  author = {Herv√© Queffelec and Martine Queffelec},
  publisher = {Springer},
  year = {2020},
  edition = {2}
}